%% some example references

@incollection{einstein1923grundlage,
  title     = {Die grundlage der allgemeinen relativit{\"a}tstheorie},
  author    = {Einstein, Albert},
  booktitle = {Das Relativit{\"a}tsprinzip},
  pages     = {81--124},
  year      = {1923},
  publisher = {Springer}
}

@phdthesis{einstein1905neue,
  title  = {Eine neue bestimmung der molek{\"u}ldimensionen},
  author = {Einstein, Albert},
  year   = {1905},
  school = {ETH Zurich}
}

@article{tyndall1861xxiii,
  title     = {XXIII. On the absorption and radiation of heat by gases and vapours, and on the physical connexion of radiation, absorption, and conduction.â€”The bakerian lecture},
  author    = {Tyndall, John},
  journal   = {The London, Edinburgh, and Dublin Philosophical Magazine and Journal of Science},
  volume    = {22},
  number    = {146},
  pages     = {169--194},
  year      = {1861},
  publisher = {Taylor \& Francis}
}

@article{milankovitch1941kanon,
  title     = {Kanon der Erdbestrahlung und seine Anwendung auf das Eiszeitenproblem},
  author    = {Milankovitch, MK},
  journal   = {Royal Serbian Academy Special Publication},
  volume    = {133},
  pages     = {1--633},
  year      = {1941},
  publisher = {Israel Program for Sceientific Translation, US Department of Commerce}
}

@article{arrhenius1896xxxi,
  title     = {XXXI. On the influence of carbonic acid in the air upon the temperature of the ground},
  author    = {Arrhenius, Svante},
  journal   = {The London, Edinburgh, and Dublin Philosophical Magazine and Journal of Science},
  volume    = {41},
  number    = {251},
  pages     = {237--276},
  year      = {1896},
  publisher = {Taylor \& Francis}
}


@article{keeling1976atmospheric,
  title     = {Atmospheric carbon dioxide variations at Mauna Loa observatory, Hawaii},
  author    = {Keeling, Charles D and Bacastow, Robert B and Bainbridge, Arnold E and Ekdahl Jr, Carl A and Guenther, Peter R and Waterman, Lee S and Chin, John FS},
  journal   = {Tellus},
  volume    = {28},
  number    = {6},
  pages     = {538--551},
  year      = {1976},
  publisher = {Taylor \& Francis}
}


@misc{keeling-curve,
  doi       = {10.6075/J08W3BHW},
  url       = {https://library.ucsd.edu/dc/object/bb3859642r},
  author    = {Keeling,  Ralph F and Keeling,  Charles D.},
  keywords  = {Mauna Loa (Hawaii),  Atmosphere,  Carbon dioxide,  Keeling Curve},
  title     = {Atmospheric Monthly In Situ CO2 Data - Mauna Loa Observatory,  Hawaii. In Scripps CO2 Program Data},
  publisher = {UC San Diego Library Digital Collections},
  year      = {2017},
  copyright = {Creative Commons Attribution 4.0 International}
}